%%%%%%%%%%%%%%%%%%%%%%%%%%%%%%%%%%%%%%%%%%%%%%%%%%%%%%%%%%%%%%%%%%%%%%%%%%%%%%%%%%%%%%%%%%%%%%%%%%%%%%%%%%%%%%%%%%%%%%%%%%%%%%%%%%%%%%%%%%%

% Dataset

@inproceedings{msmarco,
  author    = {Tri Nguyen and
               Mir Rosenberg and
               Xia Song and
               Jianfeng Gao and
               Saurabh Tiwary and
               Rangan Majumder and
               Li Deng},
  editor    = {Tarek Richard Besold and
               Antoine Bordes and
               Artur S. d'Avila Garcez and
               Greg Wayne},
  title     = {{MS} {MARCO:} {A} Human Generated MAchine Reading COmprehension Dataset},
  booktitle = {Proceedings of the Workshop on Cognitive Computation: Integrating
               neural and symbolic approaches 2016 co-located with the 30th Annual
               Conference on Neural Information Processing Systems {(NIPS} 2016),
               Barcelona, Spain, December 9, 2016},
  series    = {{CEUR} Workshop Proceedings},
  volume    = {1773},
  publisher = {CEUR-WS.org},
  year      = {2016},
  url       = {https://ceur-ws.org/Vol-1773/CoCoNIPS\_2016\_paper9.pdf},
  timestamp = {Fri, 10 Mar 2023 16:22:16 +0100},
  biburl    = {https://dblp.org/rec/conf/nips/NguyenRSGTMD16.bib},
  bibsource = {dblp computer science bibliography, https://dblp.org}
}

@article{TREC2019,
  author     = {Nick Craswell and
                Bhaskar Mitra and
                Emine Yilmaz and
                Daniel Campos and
                Ellen M. Voorhees},
  title      = {Overview of the {TREC} 2019 deep learning track},
  journal    = {CoRR},
  volume     = {abs/2003.07820},
  year       = {2020},
  url        = {https://arxiv.org/abs/2003.07820},
  eprinttype = {arXiv},
  eprint     = {2003.07820},
  timestamp  = {Wed, 27 Apr 2022 14:24:37 +0200},
  biburl     = {https://dblp.org/rec/journals/corr/abs-2003-07820.bib},
  bibsource  = {dblp computer science bibliography, https://dblp.org}
}

@inproceedings{li-roth-2002-learning-question-classifiers,
  title     = {Learning Question Classifiers},
  author    = {Li, Xin  and
               Roth, Dan},
  booktitle = {{COLING} 2002: The 19th International Conference on Computational Linguistics},
  year      = {2002},
  url       = {https://aclanthology.org/C02-1150}
}

%%%%%%%%%%%%%%%%%%%%%%%%%%%%%%%%%%%%%%%%%%%%%%%%%%%%%%%%%%%%%%%%%%%%%%%%%%%%%%%%%%%%%%%%%%%%%%%%%%%%%%%%%%%%%%%%%%%%%%%%%%%%%%%%%%%%%%%%%%%

% Index

@article{johnson2019billion,
  author    = {Jeff Johnson and
               Matthijs Douze and
               Herv{\'{e}} J{\'{e}}gou},
  title     = {Billion-Scale Similarity Search with GPUs},
  journal   = {{IEEE} Trans. Big Data},
  volume    = {7},
  number    = {3},
  pages     = {535--547},
  year      = {2021},
  url       = {https://doi.org/10.1109/TBDATA.2019.2921572},
  doi       = {10.1109/TBDATA.2019.2921572},
  timestamp = {Tue, 16 Aug 2022 23:09:18 +0200},
  biburl    = {https://dblp.org/rec/journals/tbd/JohnsonDJ21.bib},
  bibsource = {dblp computer science bibliography, https://dblp.org}
}

@article{IVF,
  author  = {Jégou, Herve and Douze, Matthijs and Schmid, Cordelia},
  journal = {IEEE Transactions on Pattern Analysis and Machine Intelligence},
  title   = {Product Quantization for Nearest Neighbor Search},
  year    = {2011},
  volume  = {33},
  number  = {1},
  pages   = {117-128},
  doi     = {10.1109/TPAMI.2010.57}
}
  
%%%%%%%%%%%%%%%%%%%%%%%%%%%%%%%%%%%%%%%%%%%%%%%%%%%%%%%%%%%%%%%%%%%%%%%%%%%%%%%%%%%%%%%%%%%%%%%%%%%%%%%%%%%%%%%%%%%%%%%%%%%%%%%%%%%%%%%%%%%

% IR
@book{manning2008introduction,
  added-at  = {2010-12-20T06:06:48.000+0100},
  address   = {Cambridge, UK},
  author    = {Manning, Christopher D. and Raghavan, Prabhakar and Schütze, Hinrich},
  biburl    = {https://www.bibsonomy.org/bibtex/29f4ab13e07b48b9723113aa74224be65/folke},
  interhash = {2e574e46b7668a7268e7f02b46f4d9bb},
  intrahash = {9f4ab13e07b48b9723113aa74224be65},
  isbn      = {978-0-521-86571-5},
  keywords  = {book information introduction ir retrieval},
  publisher = {Cambridge University Press},
  timestamp = {2010-12-20T06:06:48.000+0100},
  title     = {Introduction to Information Retrieval},
  url       = {http://nlp.stanford.edu/IR-book/information-retrieval-book.html},
  year      = 2008
}

@article{Passage_Re_ranking_with_Bert,
  author     = {Rodrigo Frassetto Nogueira and
                Kyunghyun Cho},
  title      = {Passage Re-ranking with {BERT}},
  journal    = {CoRR},
  volume     = {abs/1901.04085},
  year       = {2019},
  url        = {http://arxiv.org/abs/1901.04085},
  eprinttype = {arXiv},
  eprint     = {1901.04085},
  timestamp  = {Fri, 20 May 2022 15:34:53 +0200},
  biburl     = {https://dblp.org/rec/journals/corr/abs-1901-04085.bib},
  bibsource  = {dblp computer science bibliography, https://dblp.org}
}

@article{Semantic_First_Stage,
  author     = {Yinqiong Cai and
                Yixing Fan and
                Jiafeng Guo and
                Fei Sun and
                Ruqing Zhang and
                Xueqi Cheng},
  title      = {Semantic Models for the First-stage Retrieval: {A} Comprehensive Review},
  journal    = {CoRR},
  volume     = {abs/2103.04831},
  year       = {2021},
  url        = {https://arxiv.org/abs/2103.04831},
  eprinttype = {arXiv},
  eprint     = {2103.04831},
  timestamp  = {Wed, 07 Dec 2022 14:48:33 +0100},
  biburl     = {https://dblp.org/rec/journals/corr/abs-2103-04831.bib},
  bibsource  = {dblp computer science bibliography, https://dblp.org}
}
  
@article{bm25,
  author  = {Robertson, Stephen and Zaragoza, Hugo},
  year    = {2009},
  month   = {01},
  pages   = {333-389},
  title   = {The Probabilistic Relevance Framework: BM25 and Beyond},
  volume  = {3},
  journal = {Foundations and Trends in Information Retrieval},
  doi     = {10.1561/1500000019},
  url     = {https://www.staff.city.ac.uk/~sbrp622/papers/foundations_bm25_review.pdf}
}

@inproceedings{Robertson1994OkapiAT,
  title     = {Okapi at TREC-3},
  author    = {Stephen E. Robertson and Steve Walker and Susan Jones and Micheline Hancock-Beaulieu and Mike Gatford},
  booktitle = {Text Retrieval Conference},
  year      = {1994}
}

@article{Robertson-Relevance-1976,
  added-at             = {2009-03-31T12:08:28.000+0200},
  address              = {School of Library, Archive and Information Studies University College London London WC1E 6BT, England; Computer Laboratory University of Cambridge Cambridge CB2 3QG, England},
  author               = {Robertson, S. E. and Jones, S. and Spärck, K.},
  biburl               = {https://www.bibsonomy.org/bibtex/20b1b36aa39c0f00d286a56054d56aee5/folke},
  citeulike-article-id = {1839956},
  doi                  = {10.1002/asi.4630270302},
  interhash            = {67e5814e51aa3fdddadc2e8274bcb03d},
  intrahash            = {0b1b36aa39c0f00d286a56054d56aee5},
  journal              = {Journal of the American Society for Information Science},
  keywords             = {ir ranking relevance weighting},
  number               = 3,
  pages                = {129--146},
  posted-at            = {2007-10-30 11:03:54},
  priority             = {4},
  timestamp            = {2009-03-31T12:08:28.000+0200},
  title                = {Relevance weighting of search terms},
  url                  = {http://dx.doi.org/10.1002/asi.4630270302},
  volume               = 27,
  year                 = 1976
}

@article{leace,
  author     = {Nora Belrose and
                David Schneider{-}Joseph and
                Shauli Ravfogel and
                Ryan Cotterell and
                Edward Raff and
                Stella Biderman},
  title      = {{LEACE:} Perfect linear concept erasure in closed form},
  journal    = {CoRR},
  volume     = {abs/2306.03819},
  year       = {2023},
  url        = {https://doi.org/10.48550/arXiv.2306.03819},
  doi        = {10.48550/arXiv.2306.03819},
  eprinttype = {arXiv},
  eprint     = {2306.03819},
  timestamp  = {Tue, 13 Jun 2023 15:56:49 +0200},
  biburl     = {https://dblp.org/rec/journals/corr/abs-2306-03819.bib},
  bibsource  = {dblp computer science bibliography, https://dblp.org}
}

@inproceedings{Patterns_of_search,
  author    = {Lau, Tessa
               and Horvitz, Eric},
  editor    = {Kay, Judy},
  title     = {Patterns of Search: Analyzing and Modeling Web Query Refinement},
  booktitle = {UM99 User Modeling},
  year      = {1999},
  publisher = {Springer Vienna},
  address   = {Vienna},
  pages     = {119--128},
  isbn      = {978-3-7091-2490-1}
}

@article{Query_Expansion_Techniques_Survey,
  author    = {Hiteshwar Kumar Azad and
               Akshay Deepak},
  title     = {Query expansion techniques for information retrieval: {A} survey},
  journal   = {Inf. Process. Manag.},
  volume    = {56},
  number    = {5},
  pages     = {1698--1735},
  year      = {2019},
  url       = {https://doi.org/10.1016/j.ipm.2019.05.009},
  doi       = {10.1016/j.ipm.2019.05.009},
  timestamp = {Mon, 26 Oct 2020 08:31:37 +0100},
  biburl    = {https://dblp.org/rec/journals/ipm/AzadD19.bib},
  bibsource = {dblp computer science bibliography, https://dblp.org}
}

@article{Vocabulary_Problem,
  author     = {Furnas, G. W. and Landauer, T. K. and Gomez, L. M. and Dumais, S. T.},
  title      = {The Vocabulary Problem in Human-System Communication},
  year       = {1987},
  issue_date = {Nov. 1987},
  publisher  = {Association for Computing Machinery},
  address    = {New York, NY, USA},
  volume     = {30},
  number     = {11},
  issn       = {0001-0782},
  url        = {https://doi.org/10.1145/32206.32212},
  doi        = {10.1145/32206.32212},
  journal    = {Commun. ACM},
  month      = {nov},
  pages      = {964–971},
  numpages   = {8}
}

@article{First_stage_retrieval_with_semantic_models,
  author    = {Jiafeng Guo and
               Yinqiong Cai and
               Yixing Fan and
               Fei Sun and
               Ruqing Zhang and
               Xueqi Cheng},
  title     = {Semantic Models for the First-Stage Retrieval: {A} Comprehensive Review},
  journal   = {{ACM} Trans. Inf. Syst.},
  volume    = {40},
  number    = {4},
  pages     = {66:1--66:42},
  year      = {2022},
  url       = {https://doi.org/10.1145/3486250},
  doi       = {10.1145/3486250},
  timestamp = {Wed, 07 Dec 2022 14:48:33 +0100},
  biburl    = {https://dblp.org/rec/journals/tois/GuoCFSZC22.bib},
  bibsource = {dblp computer science bibliography, https://dblp.org}
}

@inproceedings{Multi_stage_retrieval,
  author    = {Ruey{-}Cheng Chen and
               Luke Gallagher and
               Roi Blanco and
               J. Shane Culpepper},
  editor    = {Noriko Kando and
               Tetsuya Sakai and
               Hideo Joho and
               Hang Li and
               Arjen P. de Vries and
               Ryen W. White},
  title     = {Efficient Cost-Aware Cascade Ranking in Multi-Stage Retrieval},
  booktitle = {Proceedings of the 40th International {ACM} {SIGIR} Conference on
               Research and Development in Information Retrieval, Shinjuku, Tokyo,
               Japan, August 7-11, 2017},
  pages     = {445--454},
  publisher = {{ACM}},
  year      = {2017},
  url       = {https://doi.org/10.1145/3077136.3080819},
  doi       = {10.1145/3077136.3080819},
  timestamp = {Tue, 06 Nov 2018 11:07:23 +0100},
  biburl    = {https://dblp.org/rec/conf/sigir/ChenGBC17.bib},
  bibsource = {dblp computer science bibliography, https://dblp.org}
}
 
%%%%%%%%%%%%%%%%%%%%%%%%%%%%%%%%%%%%%%%%%%%%%%%%%%%%%%%%%%%%%%%%%%%%%%%%%%%%%%%%%%%%%%%%%%%%%%%%%%%%%%%%%%%%%%%%%%%%%%%%%%%%%%%%%%%%%%%%%%%
 
% Models

@inproceedings{bert,
  author    = {Jacob Devlin and
               Ming{-}Wei Chang and
               Kenton Lee and
               Kristina Toutanova},
  editor    = {Jill Burstein and
               Christy Doran and
               Thamar Solorio},
  title     = {{BERT:} Pre-training of Deep Bidirectional Transformers for Language
               Understanding},
  booktitle = {Proceedings of the 2019 Conference of the North American Chapter of
               the Association for Computational Linguistics: Human Language Technologies,
               {NAACL-HLT} 2019, Minneapolis, MN, USA, June 2-7, 2019, Volume 1 (Long
               and Short Papers)},
  pages     = {4171--4186},
  publisher = {Association for Computational Linguistics},
  year      = {2019},
  url       = {https://doi.org/10.18653/v1/n19-1423},
  doi       = {10.18653/v1/n19-1423},
  timestamp = {Mon, 26 Sep 2022 12:21:55 +0200},
  biburl    = {https://dblp.org/rec/conf/naacl/DevlinCLT19.bib},
  bibsource = {dblp computer science bibliography, https://dblp.org}
}

@inproceedings{Transformers,
  author    = {Ashish Vaswani and
               Noam Shazeer and
               Niki Parmar and
               Jakob Uszkoreit and
               Llion Jones and
               Aidan N. Gomez and
               Lukasz Kaiser and
               Illia Polosukhin},
  editor    = {Isabelle Guyon and
               Ulrike von Luxburg and
               Samy Bengio and
               Hanna M. Wallach and
               Rob Fergus and
               S. V. N. Vishwanathan and
               Roman Garnett},
  title     = {Attention is All you Need},
  booktitle = {Advances in Neural Information Processing Systems 30: Annual Conference
               on Neural Information Processing Systems 2017, December 4-9, 2017,
               Long Beach, CA, {USA}},
  pages     = {5998--6008},
  year      = {2017},
  url       = {https://proceedings.neurips.cc/paper/2017/hash/3f5ee243547dee91fbd053c1c4a845aa-Abstract.html},
  timestamp = {Thu, 21 Jan 2021 15:15:21 +0100},
  biburl    = {https://dblp.org/rec/conf/nips/VaswaniSPUJGKP17.bib},
  bibsource = {dblp computer science bibliography, https://dblp.org}
}

@inproceedings{Transformer_on_images,
  author    = {Alexey Dosovitskiy and
               Lucas Beyer and
               Alexander Kolesnikov and
               Dirk Weissenborn and
               Xiaohua Zhai and
               Thomas Unterthiner and
               Mostafa Dehghani and
               Matthias Minderer and
               Georg Heigold and
               Sylvain Gelly and
               Jakob Uszkoreit and
               Neil Houlsby},
  title     = {An Image is Worth 16x16 Words: Transformers for Image Recognition
               at Scale},
  booktitle = {9th International Conference on Learning Representations, {ICLR} 2021,
               Virtual Event, Austria, May 3-7, 2021},
  publisher = {OpenReview.net},
  year      = {2021},
  url       = {https://openreview.net/forum?id=YicbFdNTTy},
  timestamp = {Wed, 23 Jun 2021 17:36:39 +0200},
  biburl    = {https://dblp.org/rec/conf/iclr/DosovitskiyB0WZ21.bib},
  bibsource = {dblp computer science bibliography, https://dblp.org}
}

@misc{Transformer_on_time_series,
  doi       = {10.48550/ARXIV.2202.07125},
  url       = {https://arxiv.org/abs/2202.07125},
  author    = {Wen, Qingsong and Zhou, Tian and Zhang, Chaoli and Chen, Weiqi and Ma, Ziqing and Yan, Junchi and Sun, Liang},
  keywords  = {Machine Learning (cs.LG), Artificial Intelligence (cs.AI), Signal Processing (eess.SP), Machine Learning (stat.ML), FOS: Computer and information sciences, FOS: Computer and information sciences, FOS: Electrical engineering, electronic engineering, information engineering, FOS: Electrical engineering, electronic engineering, information engineering},
  title     = {Transformers in Time Series: A Survey},
  publisher = {arXiv},
  year      = {2022},
  copyright = {arXiv.org perpetual, non-exclusive license}
}

@article{Transformer_on_audio,
  author     = {Prateek Verma and
                Jonathan Berger},
  title      = {Audio Transformers: Transformer Architectures For Large Scale Audio
                Understanding. Adieu Convolutions},
  journal    = {CoRR},
  volume     = {abs/2105.00335},
  year       = {2021},
  url        = {https://arxiv.org/abs/2105.00335},
  eprinttype = {arXiv},
  eprint     = {2105.00335},
  timestamp  = {Wed, 12 May 2021 15:54:31 +0200},
  biburl     = {https://dblp.org/rec/journals/corr/abs-2105-00335.bib},
  bibsource  = {dblp computer science bibliography, https://dblp.org}
}

@inproceedings{Transformer_on_video,
  author    = {Daniel Neimark and
               Omri Bar and
               Maya Zohar and
               Dotan Asselmann},
  title     = {Video Transformer Network},
  booktitle = {{IEEE/CVF} International Conference on Computer Vision Workshops,
               {ICCVW} 2021, Montreal, BC, Canada, October 11-17, 2021},
  pages     = {3156--3165},
  publisher = {{IEEE}},
  year      = {2021},
  url       = {https://doi.org/10.1109/ICCVW54120.2021.00355},
  doi       = {10.1109/ICCVW54120.2021.00355},
  timestamp = {Fri, 03 Dec 2021 17:37:35 +0100},
  biburl    = {https://dblp.org/rec/conf/iccvw/NeimarkBZA21.bib},
  bibsource = {dblp computer science bibliography, https://dblp.org}
}

@inproceedings{sbert,
  author    = {Nils Reimers and
               Iryna Gurevych},
  editor    = {Kentaro Inui and
               Jing Jiang and
               Vincent Ng and
               Xiaojun Wan},
  title     = {Sentence-BERT: Sentence Embeddings using Siamese BERT-Networks},
  booktitle = {Proceedings of the 2019 Conference on Empirical Methods in Natural
               Language Processing and the 9th International Joint Conference on
               Natural Language Processing, {EMNLP-IJCNLP} 2019, Hong Kong, China,
               November 3-7, 2019},
  pages     = {3980--3990},
  publisher = {Association for Computational Linguistics},
  year      = {2019},
  url       = {https://doi.org/10.18653/v1/D19-1410},
  doi       = {10.18653/v1/D19-1410},
  timestamp = {Thu, 07 Apr 2022 09:14:07 +0200},
  biburl    = {https://dblp.org/rec/conf/emnlp/ReimersG19.bib},
  bibsource = {dblp computer science bibliography, https://dblp.org}
}

@inproceedings{gpt3,
  author    = {Tom B. Brown and
               Benjamin Mann and
               Nick Ryder and
               Melanie Subbiah and
               Jared Kaplan and
               Prafulla Dhariwal and
               Arvind Neelakantan and
               Pranav Shyam and
               Girish Sastry and
               Amanda Askell and
               Sandhini Agarwal and
               Ariel Herbert{-}Voss and
               Gretchen Krueger and
               Tom Henighan and
               Rewon Child and
               Aditya Ramesh and
               Daniel M. Ziegler and
               Jeffrey Wu and
               Clemens Winter and
               Christopher Hesse and
               Mark Chen and
               Eric Sigler and
               Mateusz Litwin and
               Scott Gray and
               Benjamin Chess and
               Jack Clark and
               Christopher Berner and
               Sam McCandlish and
               Alec Radford and
               Ilya Sutskever and
               Dario Amodei},
  editor    = {Hugo Larochelle and
               Marc'Aurelio Ranzato and
               Raia Hadsell and
               Maria{-}Florina Balcan and
               Hsuan{-}Tien Lin},
  title     = {Language Models are Few-Shot Learners},
  booktitle = {Advances in Neural Information Processing Systems 33: Annual Conference
               on Neural Information Processing Systems 2020, NeurIPS 2020, December
               6-12, 2020, virtual},
  year      = {2020},
  url       = {https://proceedings.neurips.cc/paper/2020/hash/1457c0d6bfcb4967418bfb8ac142f64a-Abstract.html},
  timestamp = {Tue, 19 Jan 2021 15:56:50 +0100},
  biburl    = {https://dblp.org/rec/conf/nips/BrownMRSKDNSSAA20.bib},
  bibsource = {dblp computer science bibliography, https://dblp.org}
}

@article{Knowledge_distillation,
  author     = {Geoffrey E. Hinton and
                Oriol Vinyals and
                Jeffrey Dean},
  title      = {Distilling the Knowledge in a Neural Network},
  journal    = {CoRR},
  volume     = {abs/1503.02531},
  year       = {2015},
  url        = {http://arxiv.org/abs/1503.02531},
  eprinttype = {arXiv},
  eprint     = {1503.02531},
  timestamp  = {Mon, 13 Aug 2018 16:48:36 +0200},
  biburl     = {https://dblp.org/rec/journals/corr/HintonVD15.bib},
  bibsource  = {dblp computer science bibliography, https://dblp.org}
}

@article{tct_colbert,
  author     = {Sheng{-}Chieh Lin and
                Jheng{-}Hong Yang and
                Jimmy Lin},
  title      = {Distilling Dense Representations for Ranking using Tightly-Coupled
                Teachers},
  journal    = {CoRR},
  volume     = {abs/2010.11386},
  year       = {2020},
  url        = {https://arxiv.org/abs/2010.11386},
  eprinttype = {arXiv},
  eprint     = {2010.11386},
  timestamp  = {Mon, 26 Oct 2020 15:39:44 +0100},
  biburl     = {https://dblp.org/rec/journals/corr/abs-2010-11386.bib},
  bibsource  = {dblp computer science bibliography, https://dblp.org}
}

@inproceedings{tct_colbert2,
  author    = {Sheng{-}Chieh Lin and
               Jheng{-}Hong Yang and
               Jimmy Lin},
  editor    = {Anna Rogers and
               Iacer Calixto and
               Ivan Vulic and
               Naomi Saphra and
               Nora Kassner and
               Oana{-}Maria Camburu and
               Trapit Bansal and
               Vered Shwartz},
  title     = {In-Batch Negatives for Knowledge Distillation with Tightly-Coupled
               Teachers for Dense Retrieval},
  booktitle = {Proceedings of the 6th Workshop on Representation Learning for NLP,
               RepL4NLP@ACL-IJCNLP 2021, Online, August 6, 2021},
  pages     = {163--173},
  publisher = {Association for Computational Linguistics},
  year      = {2021},
  url       = {https://doi.org/10.18653/v1/2021.repl4nlp-1.17},
  doi       = {10.18653/v1/2021.repl4nlp-1.17},
  timestamp = {Mon, 01 Aug 2022 16:27:53 +0200},
  biburl    = {https://dblp.org/rec/conf/rep4nlp/LinYL21.bib},
  bibsource = {dblp computer science bibliography, https://dblp.org}
}

@inproceedings{colbert,
  author    = {Omar Khattab and
               Matei Zaharia},
  editor    = {Jimmy X. Huang and
               Yi Chang and
               Xueqi Cheng and
               Jaap Kamps and
               Vanessa Murdock and
               Ji{-}Rong Wen and
               Yiqun Liu},
  title     = {ColBERT: Efficient and Effective Passage Search via Contextualized
               Late Interaction over {BERT}},
  booktitle = {Proceedings of the 43rd International {ACM} {SIGIR} conference on
               research and development in Information Retrieval, {SIGIR} 2020, Virtual
               Event, China, July 25-30, 2020},
  pages     = {39--48},
  publisher = {{ACM}},
  year      = {2020},
  url       = {https://doi.org/10.1145/3397271.3401075},
  doi       = {10.1145/3397271.3401075},
  timestamp = {Sun, 02 Oct 2022 16:15:14 +0200},
  biburl    = {https://dblp.org/rec/conf/sigir/KhattabZ20.bib},
  bibsource = {dblp computer science bibliography, https://dblp.org}
}


@inproceedings{attention,
  author    = {Dzmitry Bahdanau and
               Kyunghyun Cho and
               Yoshua Bengio},
  editor    = {Yoshua Bengio and
               Yann LeCun},
  title     = {Neural Machine Translation by Jointly Learning to Align and Translate},
  booktitle = {3rd International Conference on Learning Representations, {ICLR} 2015,
               San Diego, CA, USA, May 7-9, 2015, Conference Track Proceedings},
  year      = {2015},
  url       = {http://arxiv.org/abs/1409.0473},
  timestamp = {Wed, 17 Jul 2019 10:40:54 +0200},
  biburl    = {https://dblp.org/rec/journals/corr/BahdanauCB14.bib},
  bibsource = {dblp computer science bibliography, https://dblp.org}
}

%%%%%%%%%%%%%%%%%%%%%%%%%%%%%%%%%%%%%%%%%%%%%%%%%%%%%%%%%%%%%%%%%%%%%%%%%%%%%%%%%%%%%%%%%%%%%%%%%%%%%%%%%%%%%%%%%%%%%%%%%%%%%%%%%%%%%%%%%%%

%%% NLP

@article{LSTM,
  author  = {Hochreiter, Sepp and Schmidhuber, Jürgen},
  year    = {1997},
  month   = {12},
  pages   = {1735-80},
  title   = {Long Short-term Memory},
  volume  = {9},
  journal = {Neural computation},
  doi     = {10.1162/neco.1997.9.8.1735}
}

@inproceedings{GloVe,
  author    = {Jeffrey Pennington and
               Richard Socher and
               Christopher D. Manning},
  editor    = {Alessandro Moschitti and
               Bo Pang and
               Walter Daelemans},
  title     = {Glove: Global Vectors for Word Representation},
  booktitle = {Proceedings of the 2014 Conference on Empirical Methods in Natural
               Language Processing, {EMNLP} 2014, October 25-29, 2014, Doha, Qatar,
               {A} meeting of SIGDAT, a Special Interest Group of the {ACL}},
  pages     = {1532--1543},
  publisher = {{ACL}},
  year      = {2014},
  url       = {https://doi.org/10.3115/v1/d14-1162},
  doi       = {10.3115/v1/d14-1162},
  timestamp = {Fri, 06 Aug 2021 00:40:40 +0200},
  biburl    = {https://dblp.org/rec/conf/emnlp/PenningtonSM14.bib},
  bibsource = {dblp computer science bibliography, https://dblp.org}
}

@inproceedings{Mikolov__CBOW_Skip_Gram,
  author    = {Tom{\'{a}}s Mikolov and
               Kai Chen and
               Greg Corrado and
               Jeffrey Dean},
  editor    = {Yoshua Bengio and
               Yann LeCun},
  title     = {Efficient Estimation of Word Representations in Vector Space},
  booktitle = {1st International Conference on Learning Representations, {ICLR} 2013,
               Scottsdale, Arizona, USA, May 2-4, 2013, Workshop Track Proceedings},
  year      = {2013},
  url       = {http://arxiv.org/abs/1301.3781},
  timestamp = {Mon, 28 Dec 2020 11:31:01 +0100},
  biburl    = {https://dblp.org/rec/journals/corr/abs-1301-3781.bib},
  bibsource = {dblp computer science bibliography, https://dblp.org}
}

@inproceedings{Lee__End-to-end_Coref_Res,
  author    = {Kenton Lee and
               Luheng He and
               Mike Lewis and
               Luke Zettlemoyer},
  editor    = {Martha Palmer and
               Rebecca Hwa and
               Sebastian Riedel},
  title     = {End-to-end Neural Coreference Resolution},
  booktitle = {Proceedings of the 2017 Conference on Empirical Methods in Natural
               Language Processing, {EMNLP} 2017, Copenhagen, Denmark, September
               9-11, 2017},
  pages     = {188--197},
  publisher = {Association for Computational Linguistics},
  year      = {2017},
  url       = {https://doi.org/10.18653/v1/d17-1018},
  doi       = {10.18653/v1/d17-1018},
  timestamp = {Fri, 06 Aug 2021 00:40:26 +0200},
  biburl    = {https://dblp.org/rec/conf/emnlp/LeeHLZ17.bib},
  bibsource = {dblp computer science bibliography, https://dblp.org}
}

@article{word_piece,
  author     = {Yonghui Wu and
                Mike Schuster and
                Zhifeng Chen and
                Quoc V. Le and
                Mohammad Norouzi and
                Wolfgang Macherey and
                Maxim Krikun and
                Yuan Cao and
                Qin Gao and
                Klaus Macherey and
                Jeff Klingner and
                Apurva Shah and
                Melvin Johnson and
                Xiaobing Liu and
                Lukasz Kaiser and
                Stephan Gouws and
                Yoshikiyo Kato and
                Taku Kudo and
                Hideto Kazawa and
                Keith Stevens and
                George Kurian and
                Nishant Patil and
                Wei Wang and
                Cliff Young and
                Jason Smith and
                Jason Riesa and
                Alex Rudnick and
                Oriol Vinyals and
                Greg Corrado and
                Macduff Hughes and
                Jeffrey Dean},
  title      = {Google's Neural Machine Translation System: Bridging the Gap between
                Human and Machine Translation},
  journal    = {CoRR},
  volume     = {abs/1609.08144},
  year       = {2016},
  url        = {http://arxiv.org/abs/1609.08144},
  eprinttype = {arXiv},
  eprint     = {1609.08144},
  timestamp  = {Thu, 14 Jan 2021 12:12:19 +0100},
  biburl     = {https://dblp.org/rec/journals/corr/WuSCLNMKCGMKSJL16.bib},
  bibsource  = {dblp computer science bibliography, https://dblp.org}
}

%%%%%%%%%%%%%%%%%%%%%%%%%%%%%%%%%%%%%%%%%%%%%%%%%%%%%%%%%%%%%%%%%%%%%%%%%%%%%%%%%%%%%%%%%%%%%%%%%%%%%%%%%%%%%%%%%%%%%%%%%%%%%%%%%%%%%%%%%%%

%%% Bsics Machine and Deep Learning

@book{Machine_Learning_1,
  added-at  = {2017-05-07T17:18:19.000+0200},
  address   = {Cambridge, MA},
  author    = {Kelleher, John D. and MacNamee, Brian and D'Arcy, Aoife},
  biburl    = {https://www.bibsonomy.org/bibtex/22f4191be9a93696f7affc8b3e728e686/mardukasoka},
  groups    = {public},
  interhash = {dcb13b9367fd9e15094c1a5e356225ee},
  intrahash = {2f4191be9a93696f7affc8b3e728e686},
  isbn      = {978-0-262-02944-5},
  keywords  = {ai},
  lccn      = {https://lccn.loc.gov/2014046123},
  publisher = {MIT Press},
  timestamp = {2017-05-07T17:18:19.000+0200},
  title     = {Fundamentals of Machine Learning for Predictive Data Analytics: Algorithms, Worked Examples, and Case Studies},
  username  = {flint63},
  year      = 2015
}


@book{Deep_Learning,
  title     = {Deep Learning},
  author    = {Ian Goodfellow and Yoshua Bengio and Aaron Courville},
  publisher = {MIT Press},
  note      = {\url{http://www.deeplearningbook.org}},
  year      = {2016}
}


@book{boyd_vandenberghe_2004,
  author    = {Stephen P. Boyd and
               Lieven Vandenberghe},
  title     = {Convex Optimization},
  publisher = {Cambridge University Press},
  year      = {2014},
  url       = {https://web.stanford.edu/\%7Eboyd/cvxbook/},
  doi       = {10.1017/CBO9780511804441},
  isbn      = {978-0-521-83378-3},
  timestamp = {Mon, 29 Jul 2019 15:58:36 +0200},
  biburl    = {https://dblp.org/rec/books/cu/BV2014.bib},
  bibsource = {dblp computer science bibliography, https://dblp.org}
}

@inproceedings{adam,
  author    = {Diederik P. Kingma and
               Jimmy Ba},
  editor    = {Yoshua Bengio and
               Yann LeCun},
  title     = {Adam: {A} Method for Stochastic Optimization},
  booktitle = {3rd International Conference on Learning Representations, {ICLR} 2015,
               San Diego, CA, USA, May 7-9, 2015, Conference Track Proceedings},
  year      = {2015},
  url       = {http://arxiv.org/abs/1412.6980},
  timestamp = {Thu, 25 Jul 2019 14:25:37 +0200},
  biburl    = {https://dblp.org/rec/journals/corr/KingmaB14.bib},
  bibsource = {dblp computer science bibliography, https://dblp.org}
}


@incollection{bottou2012stochastic,
  author    = {L{\'{e}}on Bottou},
  editor    = {Gr{\'{e}}goire Montavon and
               Genevieve B. Orr and
               Klaus{-}Robert M{\"{u}}ller},
  title     = {Stochastic Gradient Descent Tricks},
  booktitle = {Neural Networks: Tricks of the Trade - Second Edition},
  series    = {Lecture Notes in Computer Science},
  volume    = {7700},
  pages     = {421--436},
  publisher = {Springer},
  year      = {2012},
  url       = {https://doi.org/10.1007/978-3-642-35289-8\_25},
  doi       = {10.1007/978-3-642-35289-8\_25},
  timestamp = {Wed, 25 Sep 2019 17:41:07 +0200},
  biburl    = {https://dblp.org/rec/series/lncs/Bottou12.bib},
  bibsource = {dblp computer science bibliography, https://dblp.org}
}

%%%%%%%%%%%%%%%%%%%%%%%%%%%%%%%%%%%%%%%%%%%%%%%%%%%%%%%%%%%%%%%%%%%%%%%%%%%%%%%%%%%%%%%%%%%%%%%%%%%%%%%%%%%%%%%%%%%%%%%%%%%%%%%%%%%%%%%%%%%

%%% Property Removal

@inproceedings{rlace,
  author    = {Shauli Ravfogel and
               Michael Twiton and
               Yoav Goldberg and
               Ryan Cotterell},
  editor    = {Kamalika Chaudhuri and
               Stefanie Jegelka and
               Le Song and
               Csaba Szepesv{\'{a}}ri and
               Gang Niu and
               Sivan Sabato},
  title     = {Linear Adversarial Concept Erasure},
  booktitle = {International Conference on Machine Learning, {ICML} 2022, 17-23 July
               2022, Baltimore, Maryland, {USA}},
  series    = {Proceedings of Machine Learning Research},
  volume    = {162},
  pages     = {18400--18421},
  publisher = {{PMLR}},
  year      = {2022},
  url       = {https://proceedings.mlr.press/v162/ravfogel22a.html},
  timestamp = {Tue, 12 Jul 2022 17:36:52 +0200},
  biburl    = {https://dblp.org/rec/conf/icml/RavfogelTGC22.bib},
  bibsource = {dblp computer science bibliography, https://dblp.org}
}

@inproceedings{INLP,
  author    = {Shauli Ravfogel and
               Yanai Elazar and
               Hila Gonen and
               Michael Twiton and
               Yoav Goldberg},
  editor    = {Dan Jurafsky and
               Joyce Chai and
               Natalie Schluter and
               Joel R. Tetreault},
  title     = {Null It Out: Guarding Protected Attributes by Iterative Nullspace
               Projection},
  booktitle = {Proceedings of the 58th Annual Meeting of the Association for Computational
               Linguistics, {ACL} 2020, Online, July 5-10, 2020},
  pages     = {7237--7256},
  publisher = {Association for Computational Linguistics},
  year      = {2020},
  url       = {https://doi.org/10.18653/v1/2020.acl-main.647},
  doi       = {10.18653/v1/2020.acl-main.647},
  timestamp = {Fri, 06 Aug 2021 00:40:50 +0200},
  biburl    = {https://dblp.org/rec/conf/acl/RavfogelEGTG20.bib},
  bibsource = {dblp computer science bibliography, https://dblp.org}
}

@inproceedings{Kernelized_concept_Erasure,
  author    = {Shauli Ravfogel and
               Francisco Vargas and
               Yoav Goldberg and
               Ryan Cotterell},
  editor    = {Yoav Goldberg and
               Zornitsa Kozareva and
               Yue Zhang},
  title     = {Adversarial Concept Erasure in Kernel Space},
  booktitle = {Proceedings of the 2022 Conference on Empirical Methods in Natural
               Language Processing, {EMNLP} 2022, Abu Dhabi, United Arab Emirates,
               December 7-11, 2022},
  pages     = {6034--6055},
  publisher = {Association for Computational Linguistics},
  year      = {2022},
  url       = {https://aclanthology.org/2022.emnlp-main.405},
  timestamp = {Tue, 07 Feb 2023 17:10:51 +0100},
  biburl    = {https://dblp.org/rec/conf/emnlp/Ravfogel0GC22.bib},
  bibsource = {dblp computer science bibliography, https://dblp.org}
}

%%%%%%%%%%%%%%%%%%%%%%%%%%%%%%%%%%%%%%%%%%%%%%%%%%%%%%%%%%%%%%%%%%%%%%%%%%%%%%%%%%%%%%%%%%%%%%%%%%%%%%%%%%%%%%%%%%%%%%%%%%%%%%%%%%%%%%%%%%%

%%% Interpretable AI

@article{Peeking_inside_the_black_box,
  author    = {Amina Adadi and
               Mohammed Berrada},
  title     = {Peeking Inside the Black-Box: {A} Survey on Explainable Artificial
               Intelligence {(XAI)}},
  journal   = {{IEEE} Access},
  volume    = {6},
  pages     = {52138--52160},
  year      = {2018},
  url       = {https://doi.org/10.1109/ACCESS.2018.2870052},
  doi       = {10.1109/ACCESS.2018.2870052},
  timestamp = {Fri, 25 Dec 2020 01:10:09 +0100},
  biburl    = {https://dblp.org/rec/journals/access/AdadiB18.bib},
  bibsource = {dblp computer science bibliography, https://dblp.org}
}

@article{Survey_Causality,
  author     = {Niloy Ganguly and
                Dren Fazlija and
                Maryam Badar and
                Marco Fisichella and
                Sandipan Sikdar and
                Johanna Schrader and
                Jonas Wallat and
                Koustav Rudra and
                Manolis Koubarakis and
                Gourab K. Patro and
                Wadhah Zai El Amri and
                Wolfgang Nejdl},
  title      = {A Review of the Role of Causality in Developing Trustworthy {AI} Systems},
  journal    = {CoRR},
  volume     = {abs/2302.06975},
  year       = {2023},
  url        = {https://doi.org/10.48550/arXiv.2302.06975},
  doi        = {10.48550/arXiv.2302.06975},
  eprinttype = {arXiv},
  eprint     = {2302.06975},
  timestamp  = {Mon, 20 Feb 2023 14:27:28 +0100},
  biburl     = {https://dblp.org/rec/journals/corr/abs-2302-06975.bib},
  bibsource  = {dblp computer science bibliography, https://dblp.org}
}

@misc{Survey_Transparent_AI,
  title         = {Toward Transparent AI: A Survey on Interpreting the Inner Structures of Deep Neural Networks},
  author        = {Tilman Räuker and Anson Ho and Stephen Casper and Dylan Hadfield-Menell},
  year          = {2023},
  eprint        = {2207.13243},
  archiveprefix = {arXiv},
  primaryclass  = {cs.LG}
}

@article{black_box_ai_survey_1,
  author    = {Wojciech Samek and
               Gr{\'{e}}goire Montavon and
               Sebastian Lapuschkin and
               Christopher J. Anders and
               Klaus{-}Robert M{\"{u}}ller},
  title     = {Explaining Deep Neural Networks and Beyond: {A} Review of Methods
               and Applications},
  journal   = {Proc. {IEEE}},
  volume    = {109},
  number    = {3},
  pages     = {247--278},
  year      = {2021},
  url       = {https://doi.org/10.1109/JPROC.2021.3060483},
  doi       = {10.1109/JPROC.2021.3060483},
  timestamp = {Tue, 23 Mar 2021 14:13:45 +0100},
  biburl    = {https://dblp.org/rec/journals/pieee/SamekMLAM21.bib},
  bibsource = {dblp computer science bibliography, https://dblp.org}
}

@article{black_box_survey_local,
  author    = {Yu Liang and
               Siguang Li and
               Chungang Yan and
               Maozhen Li and
               Changjun Jiang},
  title     = {Explaining the black-box model: {A} survey of local interpretation
               methods for deep neural networks},
  journal   = {Neurocomputing},
  volume    = {419},
  pages     = {168--182},
  year      = {2021},
  url       = {https://doi.org/10.1016/j.neucom.2020.08.011},
  doi       = {10.1016/j.neucom.2020.08.011},
  timestamp = {Sat, 25 Jun 2022 17:37:26 +0200},
  biburl    = {https://dblp.org/rec/journals/ijon/LiangLYLJ21.bib},
  bibsource = {dblp computer science bibliography, https://dblp.org}
}

@inproceedings{stochastic_parrot,
  author    = {Bender, Emily M. and Gebru, Timnit and McMillan-Major, Angelina and Shmitchell, Shmargaret},
  title     = {On the Dangers of Stochastic Parrots: Can Language Models Be Too Big?},
  year      = {2021},
  isbn      = {9781450383097},
  publisher = {Association for Computing Machinery},
  address   = {New York, NY, USA},
  url       = {https://doi.org/10.1145/3442188.3445922},
  doi       = {10.1145/3442188.3445922},
  booktitle = {Proceedings of the 2021 ACM Conference on Fairness, Accountability, and Transparency},
  pages     = {610–623},
  numpages  = {14},
  location  = {Virtual Event, Canada},
  series    = {FAccT '21}
}

@article{Bias_and_Fairness_survey,
  author    = {Ninareh Mehrabi and
               Fred Morstatter and
               Nripsuta Saxena and
               Kristina Lerman and
               Aram Galstyan},
  title     = {A Survey on Bias and Fairness in Machine Learning},
  journal   = {{ACM} Comput. Surv.},
  volume    = {54},
  number    = {6},
  pages     = {115:1--115:35},
  year      = {2022},
  url       = {https://doi.org/10.1145/3457607},
  doi       = {10.1145/3457607},
  timestamp = {Wed, 23 Nov 2022 16:16:45 +0100},
  biburl    = {https://dblp.org/rec/journals/csur/MehrabiMSLG21.bib},
  bibsource = {dblp computer science bibliography, https://dblp.org}
}
  
@inproceedings{why_should_i_trust_you,
  author    = {Marco T{\'{u}}lio Ribeiro and
               Sameer Singh and
               Carlos Guestrin},
  editor    = {Balaji Krishnapuram and
               Mohak Shah and
               Alexander J. Smola and
               Charu C. Aggarwal and
               Dou Shen and
               Rajeev Rastogi},
  title     = {"Why Should {I} Trust You?": Explaining the Predictions of Any Classifier},
  booktitle = {Proceedings of the 22nd {ACM} {SIGKDD} International Conference on
               Knowledge Discovery and Data Mining, San Francisco, CA, USA, August
               13-17, 2016},
  pages     = {1135--1144},
  publisher = {{ACM}},
  year      = {2016},
  url       = {https://doi.org/10.1145/2939672.2939778},
  doi       = {10.1145/2939672.2939778},
  timestamp = {Fri, 25 Dec 2020 01:14:16 +0100},
  biburl    = {https://dblp.org/rec/conf/kdd/Ribeiro0G16.bib},
  bibsource = {dblp computer science bibliography, https://dblp.org}
}
  
 %%%%%%%%%%%%%%%%%%%%%%%%%%%%%%%%%%%%%%%%%%%%%%%%%%%%%%%%%%%%%%%%%%%%%%%%%%%%%%%%%%%%%%%%%%%%%%%%%%%%%%%%%%%%%%%%%%%%%%%%%%%%%%%%%%%%%%%%%
 
 %%% Probing
@article{Elazar__Amnesic_Probing,
  author    = {Yanai Elazar and
               Shauli Ravfogel and
               Alon Jacovi and
               Yoav Goldberg},
  title     = {Amnesic Probing: Behavioral Explanation With Amnesic Counterfactuals},
  journal   = {Trans. Assoc. Comput. Linguistics},
  volume    = {9},
  pages     = {160--175},
  year      = {2021},
  url       = {https://doi.org/10.1162/tacl\_a\_00359},
  doi       = {10.1162/tacl_a_00359},
  timestamp = {Fri, 10 Jun 2022 10:35:17 +0200},
  biburl    = {https://dblp.org/rec/journals/tacl/ElazarRJG21.bib},
  bibsource = {dblp computer science bibliography, https://dblp.org}
}

@inproceedings{Ravichander__Probing_the_Probing_Paradigm,
  author    = {Abhilasha Ravichander and
               Yonatan Belinkov and
               Eduard H. Hovy},
  editor    = {Paola Merlo and
               J{\"{o}}rg Tiedemann and
               Reut Tsarfaty},
  title     = {Probing the Probing Paradigm: Does Probing Accuracy Entail Task Relevance?},
  booktitle = {Proceedings of the 16th Conference of the European Chapter of the
               Association for Computational Linguistics: Main Volume, {EACL} 2021,
               Online, April 19 - 23, 2021},
  pages     = {3363--3377},
  publisher = {Association for Computational Linguistics},
  year      = {2021},
  url       = {https://doi.org/10.18653/v1/2021.eacl-main.295},
  doi       = {10.18653/v1/2021.eacl-main.295},
  timestamp = {Thu, 20 Jan 2022 10:02:55 +0100},
  biburl    = {https://dblp.org/rec/conf/eacl/RavichanderBH21.bib},
  bibsource = {dblp computer science bibliography, https://dblp.org}
}

@inproceedings{Pimentel__Information-Theoretic_Probing_for_Linguistic_Structure,
  author    = {Tiago Pimentel and
               Josef Valvoda and
               Rowan Hall Maudslay and
               Ran Zmigrod and
               Adina Williams and
               Ryan Cotterell},
  editor    = {Dan Jurafsky and
               Joyce Chai and
               Natalie Schluter and
               Joel R. Tetreault},
  title     = {Information-Theoretic Probing for Linguistic Structure},
  booktitle = {Proceedings of the 58th Annual Meeting of the Association for Computational
               Linguistics, {ACL} 2020, Online, July 5-10, 2020},
  pages     = {4609--4622},
  publisher = {Association for Computational Linguistics},
  year      = {2020},
  url       = {https://doi.org/10.18653/v1/2020.acl-main.420},
  doi       = {10.18653/v1/2020.acl-main.420},
  timestamp = {Thu, 14 Oct 2021 09:46:08 +0200},
  biburl    = {https://dblp.org/rec/conf/acl/PimentelVMZWC20.bib},
  bibsource = {dblp computer science bibliography, https://dblp.org}
}

@article{Voita__Information-Theoretic_Probing_with_Minimum_Description_Length,
  author     = {Elena Voita and
                Ivan Titov},
  title      = {Information-Theoretic Probing with Minimum Description Length},
  journal    = {CoRR},
  volume     = {abs/2003.12298},
  year       = {2020},
  url        = {https://arxiv.org/abs/2003.12298},
  eprinttype = {arXiv},
  eprint     = {2003.12298},
  timestamp  = {Wed, 01 Apr 2020 17:39:11 +0200},
  biburl     = {https://dblp.org/rec/journals/corr/abs-2003-12298.bib},
  bibsource  = {dblp computer science bibliography, https://dblp.org}
}

@article{Voita__The_Bottom-up_Evolution_of_Representations_in_the_Transformer,
  author     = {Elena Voita and
                Rico Sennrich and
                Ivan Titov},
  title      = {The Bottom-up Evolution of Representations in the Transformer: {A}
                Study with Machine Translation and Language Modeling Objectives},
  journal    = {CoRR},
  volume     = {abs/1909.01380},
  year       = {2019},
  url        = {http://arxiv.org/abs/1909.01380},
  eprinttype = {arXiv},
  eprint     = {1909.01380},
  timestamp  = {Mon, 16 Sep 2019 17:27:14 +0200},
  biburl     = {https://dblp.org/rec/journals/corr/abs-1909-01380.bib},
  bibsource  = {dblp computer science bibliography, https://dblp.org}
}

@inproceedings{Wallat__Bertnesia,
  author    = {Jaspreet Singh and
               Jonas Wallat and
               Avishek Anand},
  editor    = {Afra Alishahi and
               Yonatan Belinkov and
               Grzegorz Chrupala and
               Dieuwke Hupkes and
               Yuval Pinter and
               Hassan Sajjad},
  title     = {BERTnesia: Investigating the capture and forgetting of knowledge in
               {BERT}},
  booktitle = {Proceedings of the Third BlackboxNLP Workshop on Analyzing and Interpreting
               Neural Networks for NLP, BlackboxNLP@EMNLP 2020, Online, November
               2020},
  pages     = {174--183},
  publisher = {Association for Computational Linguistics},
  year      = {2020},
  url       = {https://doi.org/10.18653/v1/2020.blackboxnlp-1.17},
  doi       = {10.18653/v1/2020.blackboxnlp-1.17},
  timestamp = {Mon, 09 Aug 2021 16:25:38 +0200},
  biburl    = {https://dblp.org/rec/conf/blackboxnlp/SinghWA20.bib},
  bibsource = {dblp computer science bibliography, https://dblp.org}
}

@inproceedings{Conneau__What_you_can_cram_into_a_single_vector,
  author    = {Alexis Conneau and
               Germ{\'{a}}n Kruszewski and
               Guillaume Lample and
               Lo{\"{\i}}c Barrault and
               Marco Baroni},
  editor    = {Iryna Gurevych and
               Yusuke Miyao},
  title     = {What you can cram into a single {\textbackslash}{\textdollar}{\&}!{\#}*
               vector: Probing sentence embeddings for linguistic properties},
  booktitle = {Proceedings of the 56th Annual Meeting of the Association for Computational
               Linguistics, {ACL} 2018, Melbourne, Australia, July 15-20, 2018, Volume
               1: Long Papers},
  pages     = {2126--2136},
  publisher = {Association for Computational Linguistics},
  year      = {2018},
  url       = {https://aclanthology.org/P18-1198/},
  doi       = {10.18653/v1/P18-1198},
  timestamp = {Fri, 06 Aug 2021 00:40:55 +0200},
  biburl    = {https://dblp.org/rec/conf/acl/BaroniBLKC18.bib},
  bibsource = {dblp computer science bibliography, https://dblp.org}
}

@inproceedings{Peters__Dissecting_Contextual_word_embeddings,
  author    = {Matthew E. Peters and
               Mark Neumann and
               Luke Zettlemoyer and
               Wen{-}tau Yih},
  editor    = {Ellen Riloff and
               David Chiang and
               Julia Hockenmaier and
               Jun'ichi Tsujii},
  title     = {Dissecting Contextual Word Embeddings: Architecture and Representation},
  booktitle = {Proceedings of the 2018 Conference on Empirical Methods in Natural
               Language Processing, Brussels, Belgium, October 31 - November 4, 2018},
  pages     = {1499--1509},
  publisher = {Association for Computational Linguistics},
  year      = {2018},
  url       = {https://doi.org/10.18653/v1/d18-1179},
  doi       = {10.18653/v1/d18-1179},
  timestamp = {Fri, 06 Aug 2021 00:40:22 +0200},
  biburl    = {https://dblp.org/rec/conf/emnlp/PetersNZY18.bib},
  bibsource = {dblp computer science bibliography, https://dblp.org}
}

@inproceedings{Adi__Fine-grained_Analysis_of_Sentence_Embeddings_Using_Auxilliary_Prediction,
  author    = {Yossi Adi and
               Einat Kermany and
               Yonatan Belinkov and
               Ofer Lavi and
               Yoav Goldberg},
  title     = {Fine-grained Analysis of Sentence Embeddings Using Auxiliary Prediction
               Tasks},
  booktitle = {5th International Conference on Learning Representations, {ICLR} 2017,
               Toulon, France, April 24-26, 2017, Conference Track Proceedings},
  publisher = {OpenReview.net},
  year      = {2017},
  url       = {https://openreview.net/forum?id=BJh6Ztuxl},
  timestamp = {Thu, 25 Jul 2019 14:25:48 +0200},
  biburl    = {https://dblp.org/rec/conf/iclr/AdiKBLG17.bib},
  bibsource = {dblp computer science bibliography, https://dblp.org}
}

@article{Alt__Probing_Linguistic_Features_of_Sentence_level_Representations,
  author     = {Christoph Alt and
                Aleksandra Gabryszak and
                Leonhard Hennig},
  title      = {Probing Linguistic Features of Sentence-Level Representations in Neural
                Relation Extraction},
  journal    = {CoRR},
  volume     = {abs/2004.08134},
  year       = {2020},
  url        = {https://arxiv.org/abs/2004.08134},
  eprinttype = {arXiv},
  eprint     = {2004.08134},
  timestamp  = {Tue, 21 Apr 2020 16:51:52 +0200},
  biburl     = {https://dblp.org/rec/journals/corr/abs-2004-08134.bib},
  bibsource  = {dblp computer science bibliography, https://dblp.org}
}

@inproceedings{Interventional_Probing,
  author    = {Julia Rozanova and
               Marco Valentino and
               Lucas C. Cordeiro and
               Andr{\'{e}} Freitas},
  editor    = {Andreas Vlachos and
               Isabelle Augenstein},
  title     = {Interventional Probing in High Dimensions: An {NLI} Case Study},
  booktitle = {Findings of the Association for Computational Linguistics: {EACL}
               2023, Dubrovnik, Croatia, May 2-6, 2023},
  pages     = {2444--2455},
  publisher = {Association for Computational Linguistics},
  year      = {2023},
  url       = {https://aclanthology.org/2023.findings-eacl.188},
  timestamp = {Mon, 08 May 2023 14:38:37 +0200},
  biburl    = {https://dblp.org/rec/conf/eacl/RozanovaVCF23.bib},
  bibsource = {dblp computer science bibliography, https://dblp.org}
}

@inproceedings{Grammatical_Number,
  author    = {Karim Lasri and
               Tiago Pimentel and
               Alessandro Lenci and
               Thierry Poibeau and
               Ryan Cotterell},
  editor    = {Smaranda Muresan and
               Preslav Nakov and
               Aline Villavicencio},
  title     = {Probing for the Usage of Grammatical Number},
  booktitle = {Proceedings of the 60th Annual Meeting of the Association for Computational
               Linguistics (Volume 1: Long Papers), {ACL} 2022, Dublin, Ireland,
               May 22-27, 2022},
  pages     = {8818--8831},
  publisher = {Association for Computational Linguistics},
  year      = {2022},
  url       = {https://doi.org/10.18653/v1/2022.acl-long.603},
  doi       = {10.18653/v1/2022.acl-long.603},
  timestamp = {Mon, 01 Aug 2022 16:27:45 +0200},
  biburl    = {https://dblp.org/rec/conf/acl/LasriPLPC22.bib},
  bibsource = {dblp computer science bibliography, https://dblp.org}
}

@inproceedings{Mediators_what_bert_Performs_first,
  author    = {Aviv Slobodkin and
               Leshem Choshen and
               Omri Abend},
  editor    = {Kristina Toutanova and
               Anna Rumshisky and
               Luke Zettlemoyer and
               Dilek Hakkani{-}T{\"{u}}r and
               Iz Beltagy and
               Steven Bethard and
               Ryan Cotterell and
               Tanmoy Chakraborty and
               Yichao Zhou},
  title     = {Mediators in Determining what Processing {BERT} Performs First},
  booktitle = {Proceedings of the 2021 Conference of the North American Chapter of
               the Association for Computational Linguistics: Human Language Technologies,
               {NAACL-HLT} 2021, Online, June 6-11, 2021},
  pages     = {86--93},
  publisher = {Association for Computational Linguistics},
  year      = {2021},
  url       = {https://doi.org/10.18653/v1/2021.naacl-main.8},
  doi       = {10.18653/v1/2021.naacl-main.8},
  timestamp = {Fri, 06 Aug 2021 00:41:31 +0200},
  biburl    = {https://dblp.org/rec/conf/naacl/SlobodkinCA21.bib},
  bibsource = {dblp computer science bibliography, https://dblp.org}
}

@inproceedings{Tenney__Probing_for_Sentence_Structure_in_Contextualized_Word_Representations,
  author    = {Ian Tenney and
               Patrick Xia and
               Berlin Chen and
               Alex Wang and
               Adam Poliak and
               R. Thomas McCoy and
               Najoung Kim and
               Benjamin Van Durme and
               Samuel R. Bowman and
               Dipanjan Das and
               Ellie Pavlick},
  title     = {What do you learn from context? Probing for sentence structure in
               contextualized word representations},
  booktitle = {7th International Conference on Learning Representations, {ICLR} 2019,
               New Orleans, LA, USA, May 6-9, 2019},
  publisher = {OpenReview.net},
  year      = {2019},
  url       = {https://openreview.net/forum?id=SJzSgnRcKX},
  timestamp = {Thu, 25 Jul 2019 14:25:42 +0200},
  biburl    = {https://dblp.org/rec/conf/iclr/TenneyXCWPMKDBD19.bib},
  bibsource = {dblp computer science bibliography, https://dblp.org}
}

@inproceedings{Tenney__Bert_Rediscovers_the_classical_NLP_Pipeline,
  author    = {Ian Tenney and
               Dipanjan Das and
               Ellie Pavlick},
  editor    = {Anna Korhonen and
               David R. Traum and
               Llu{\'{\i}}s M{\`{a}}rquez},
  title     = {{BERT} Rediscovers the Classical {NLP} Pipeline},
  booktitle = {Proceedings of the 57th Conference of the Association for Computational
               Linguistics, {ACL} 2019, Florence, Italy, July 28- August 2, 2019,
               Volume 1: Long Papers},
  pages     = {4593--4601},
  publisher = {Association for Computational Linguistics},
  year      = {2019},
  url       = {https://doi.org/10.18653/v1/p19-1452},
  doi       = {10.18653/v1/p19-1452},
  timestamp = {Fri, 06 Aug 2021 00:41:01 +0200},
  biburl    = {https://dblp.org/rec/conf/acl/TenneyDP19.bib},
  bibsource = {dblp computer science bibliography, https://dblp.org}
}

@inproceedings{hewitt-manning__Structural_Probe_for_Finding_Syntax_in_Word_Representations,
  title     = {{A} Structural Probe for Finding Syntax in Word Representations},
  author    = {Hewitt, John  and
               Manning, Christopher D.},
  booktitle = {Proceedings of the 2019 Conference of the North {A}merican Chapter of the Association for Computational Linguistics: Human Language Technologies, Volume 1 (Long and Short Papers)},
  month     = jun,
  year      = {2019},
  address   = {Minneapolis, Minnesota},
  publisher = {Association for Computational Linguistics},
  url       = {https://aclanthology.org/N19-1419},
  doi       = {10.18653/v1/N19-1419},
  pages     = {4129--4138}
}

@inproceedings{Hewitt__Designing_and_Interpreting_Probes_with_Control_Tasks,
  author    = {John Hewitt and
               Percy Liang},
  editor    = {Kentaro Inui and
               Jing Jiang and
               Vincent Ng and
               Xiaojun Wan},
  title     = {Designing and Interpreting Probes with Control Tasks},
  booktitle = {Proceedings of the 2019 Conference on Empirical Methods in Natural
               Language Processing and the 9th International Joint Conference on
               Natural Language Processing, {EMNLP-IJCNLP} 2019, Hong Kong, China,
               November 3-7, 2019},
  pages     = {2733--2743},
  publisher = {Association for Computational Linguistics},
  year      = {2019},
  url       = {https://doi.org/10.18653/v1/D19-1275},
  doi       = {10.18653/v1/D19-1275},
  timestamp = {Thu, 07 Apr 2022 09:14:07 +0200},
  biburl    = {https://dblp.org/rec/conf/emnlp/HewittL19.bib},
  bibsource = {dblp computer science bibliography, https://dblp.org}
}

@article{choi2022finding,
  author     = {Jaekeol Choi and
                Euna Jung and
                Sungjun Lim and
                Wonjong Rhee},
  title      = {Finding Inverse Document Frequency Information in {BERT}},
  journal    = {CoRR},
  volume     = {abs/2202.12191},
  year       = {2022},
  url        = {https://arxiv.org/abs/2202.12191},
  eprinttype = {arXiv},
  eprint     = {2202.12191},
  timestamp  = {Wed, 02 Mar 2022 16:35:04 +0100},
  biburl     = {https://dblp.org/rec/journals/corr/abs-2202-12191.bib},
  bibsource  = {dblp computer science bibliography, https://dblp.org}
}

@inproceedings{Merchant__What_happens_to_bert_embeddings_during_fine-tuning?,
  author    = {Amil Merchant and
               Elahe Rahimtoroghi and
               Ellie Pavlick and
               Ian Tenney},
  editor    = {Afra Alishahi and
               Yonatan Belinkov and
               Grzegorz Chrupala and
               Dieuwke Hupkes and
               Yuval Pinter and
               Hassan Sajjad},
  title     = {What Happens To {BERT} Embeddings During Fine-tuning?},
  booktitle = {Proceedings of the Third BlackboxNLP Workshop on Analyzing and Interpreting
               Neural Networks for NLP, BlackboxNLP@EMNLP 2020, Online, November
               2020},
  pages     = {33--44},
  publisher = {Association for Computational Linguistics},
  year      = {2020},
  url       = {https://doi.org/10.18653/v1/2020.blackboxnlp-1.4},
  doi       = {10.18653/v1/2020.blackboxnlp-1.4},
  timestamp = {Mon, 09 Aug 2021 16:25:38 +0200},
  biburl    = {https://dblp.org/rec/conf/blackboxnlp/MerchantRPT20.bib},
  bibsource = {dblp computer science bibliography, https://dblp.org}
}

@article{amini2022naturalistic,
  author     = {Afra Amini and
                Tiago Pimentel and
                Clara Meister and
                Ryan Cotterell},
  title      = {Naturalistic Causal Probing for Morpho-Syntax},
  journal    = {CoRR},
  volume     = {abs/2205.07043},
  year       = {2022},
  url        = {https://doi.org/10.48550/arXiv.2205.07043},
  doi        = {10.48550/arXiv.2205.07043},
  eprinttype = {arXiv},
  eprint     = {2205.07043},
  timestamp  = {Tue, 17 May 2022 17:31:03 +0200},
  biburl     = {https://dblp.org/rec/journals/corr/abs-2205-07043.bib},
  bibsource  = {dblp computer science bibliography, https://dblp.org}
}

@article{Dietz2022WikimarksHR,
  title   = {Wikimarks: Harvesting Relevance Benchmarks from Wikipedia},
  author  = {Laura Dietz and Shubham Chatterjee and Connor Lennox and Sumanta Kashyapi and Pooja Oza and Ben Gamari},
  journal = {Proceedings of the 45th International ACM SIGIR Conference on Research and Development in Information Retrieval},
  year    = {2022}
}

 %%%%%%%%%%%%%%%%%%%%%%%%%%%%%%%%%%%%%%%%%%%%%%%%%%%%%%%%%%%%%%%%%%%%%%%%%%%%%%%%%%%%%%%%%%%%%%%%%%%%%%%%%%%%%%%%%%%%%%%%%%%%%%%%%%%%%%%%%
 
 %%% Interpreting LMs without probing

@inproceedings{Formal__White_Box_Analysis_of_Colbert,
  author    = {Thibault Formal and
               Benjamin Piwowarski and
               St{\'{e}}phane Clinchant},
  editor    = {Djoerd Hiemstra and
               Marie{-}Francine Moens and
               Josiane Mothe and
               Raffaele Perego and
               Martin Potthast and
               Fabrizio Sebastiani},
  title     = {A White Box Analysis of ColBERT},
  booktitle = {Advances in Information Retrieval - 43rd European Conference on {IR}
               Research, {ECIR} 2021, Virtual Event, March 28 - April 1, 2021, Proceedings,
               Part {II}},
  series    = {Lecture Notes in Computer Science},
  volume    = {12657},
  pages     = {257--263},
  publisher = {Springer},
  year      = {2021},
  url       = {https://doi.org/10.1007/978-3-030-72240-1\_23},
  doi       = {10.1007/978-3-030-72240-1\_23},
  timestamp = {Tue, 30 Mar 2021 18:55:01 +0200},
  biburl    = {https://dblp.org/rec/conf/ecir/FormalPC21.bib},
  bibsource = {dblp computer science bibliography, https://dblp.org}
}

@inproceedings{Formal__match_your_words,
  author    = {Thibault Formal and
               Benjamin Piwowarski and
               St{\'{e}}phane Clinchant},
  editor    = {Matthias Hagen and
               Suzan Verberne and
               Craig Macdonald and
               Christin Seifert and
               Krisztian Balog and
               Kjetil N{\o}rv{\aa}g and
               Vinay Setty},
  title     = {Match Your Words! {A} Study of Lexical Matching in Neural Information
               Retrieval},
  booktitle = {Advances in Information Retrieval - 44th European Conference on {IR}
               Research, {ECIR} 2022, Stavanger, Norway, April 10-14, 2022, Proceedings,
               Part {II}},
  series    = {Lecture Notes in Computer Science},
  volume    = {13186},
  pages     = {120--127},
  publisher = {Springer},
  year      = {2022},
  url       = {https://doi.org/10.1007/978-3-030-99739-7\_14},
  doi       = {10.1007/978-3-030-99739-7\_14},
  timestamp = {Thu, 07 Apr 2022 18:19:50 +0200},
  biburl    = {https://dblp.org/rec/conf/ecir/FormalPC22.bib},
  bibsource = {dblp computer science bibliography, https://dblp.org}
}

@inproceedings{Camara__Diagnosing_BERT_with_Retrieval_Heuristics,
  author    = {Arthur C{\^{a}}mara and
               Claudia Hauff},
  editor    = {Joemon M. Jose and
               Emine Yilmaz and
               Jo{\~{a}}o Magalh{\~{a}}es and
               Pablo Castells and
               Nicola Ferro and
               M{\'{a}}rio J. Silva and
               Fl{\'{a}}vio Martins},
  title     = {Diagnosing {BERT} with Retrieval Heuristics},
  booktitle = {Advances in Information Retrieval - 42nd European Conference on {IR}
               Research, {ECIR} 2020, Lisbon, Portugal, April 14-17, 2020, Proceedings,
               Part {I}},
  series    = {Lecture Notes in Computer Science},
  volume    = {12035},
  pages     = {605--618},
  publisher = {Springer},
  year      = {2020},
  url       = {https://doi.org/10.1007/978-3-030-45439-5\_40},
  doi       = {10.1007/978-3-030-45439-5\_40},
  timestamp = {Sun, 02 Oct 2022 15:59:35 +0200},
  biburl    = {https://dblp.org/rec/conf/ecir/CamaraH20.bib},
  bibsource = {dblp computer science bibliography, https://dblp.org}
}

@inproceedings{Rennings__Axiomatic_Approach_to_Diagnosing_Neural_IR_Models,
  author    = {Rennings, Dani{\"e}l
               and Moraes, Felipe
               and Hauff, Claudia},
  editor    = {Azzopardi, Leif
               and Stein, Benno
               and Fuhr, Norbert
               and Mayr, Philipp
               and Hauff, Claudia
               and Hiemstra, Djoerd},
  title     = {An Axiomatic Approach to Diagnosing Neural {IR} Models},
  booktitle = {Advances in Information Retrieval},
  year      = {2019},
  publisher = {Springer International Publishing},
  address   = {Cham},
  pages     = {489--503},
  isbn      = {978-3-030-15712-8}
}

@article{MacAvaney__ABNIRML_Analyzing_the_Behavior_of_Neural_IR_Models,
  author    = {Sean MacAvaney and
               Sergey Feldman and
               Nazli Goharian and
               Doug Downey and
               Arman Cohan},
  title     = {{ABNIRML:} Analyzing the Behavior of Neural {IR} Models},
  journal   = {Trans. Assoc. Comput. Linguistics},
  volume    = {10},
  pages     = {224--239},
  year      = {2022},
  url       = {https://doi.org/10.1162/tacl\_a\_00457},
  doi       = {10.1162/tacl_a_00457},
  timestamp = {Wed, 29 Jun 2022 16:03:22 +0200},
  biburl    = {https://dblp.org/rec/journals/tacl/MacAvaneyFGDC22.bib},
  bibsource = {dblp computer science bibliography, https://dblp.org}
}


@article{CausaLM,
  author    = {Amir Feder and
               Nadav Oved and
               Uri Shalit and
               Roi Reichart},
  title     = {CausaLM: Causal Model Explanation Through Counterfactual Language
               Models},
  journal   = {Comput. Linguistics},
  volume    = {47},
  number    = {2},
  pages     = {333--386},
  year      = {2021},
  url       = {https://doi.org/10.1162/coli\_a\_00404},
  doi       = {10.1162/coli_a_00404},
  timestamp = {Wed, 25 Aug 2021 17:11:18 +0200},
  biburl    = {https://dblp.org/rec/journals/coling/FederOSR21.bib},
  bibsource = {dblp computer science bibliography, https://dblp.org}
}

 %%%%%%%%%%%%%%%%%%%%%%%%%%%%%%%%%%%%%%%%%%%%%%%%%%%%%%%%%%%%%%%%%%%%%%%%%%%%%%%%%%%%%%%%%%%%%%%%%%%%%%%%%%%%%%%%%%%%%%%%%%%%%%%%%%%%%%%%%
 
 %%% Other

@article{Tuy__Minimax_Theorems,
  author  = {Tuy, Hoang},
  year    = {2004},
  month   = {01},
  pages   = {217-229},
  title   = {MINIMAX THEOREMS REVISITED},
  volume  = {29},
  journal = {Acta Mathematica Vietnamica},
  url     = {http://journals.math.ac.vn/acta/pdf/0403217.pdf}
}

@inbook{pang_razaviyayn_2016,
  place     = {Cambridge},
  title     = {A unified distributed algorithm for non-cooperative games},
  doi       = {10.1017/CBO9781316162750.005},
  booktitle = {Big Data over Networks},
  publisher = {Cambridge University Press},
  author    = {Pang, Jong-Shi and Razaviyayn, Meisam},
  editor    = {Cui, Shuguang and Hero, III, Alfred O. and Luo, Zhi-Quan and Moura, José M. F.Editors},
  year      = {2016},
  pages     = {101–134}
}

@article{spacy,
  author = {
            Matthew Honnibal and
            Ines Montani and
            Sofie Van Landeghem and
            Adriane Boyd
            },
  title  = {spaCy: Industrial-strength Natural Language Processing in Python},
  doi    = {10.5281/zenodo.1212303},
  year   = {2020}
}

@inproceedings{Hilt1977RidgeAC,
  title  = {Ridge: a computer program for calculating ridge regression estimates},
  author = {Donald E. Hilt and Donald W. Seegrist},
  year   = {1977}
}

@book{palmer2010semantic,
  title     = {Semantic Role Labeling},
  author    = {Palmer, M.S. and Gildea, D. and Xue, N.},
  isbn      = {9781598298314},
  series    = {Synthesis lectures on human language technologies},
  url       = {https://books.google.de/books?id=6C1Ag3NUqNEC},
  year      = {2010},
  publisher = {Morgan \& Claypool Publishers}
}

@article{reisinger-etal-2015-semantic,
  title     = {Semantic Proto-Roles},
  author    = {Reisinger, Drew  and
               Rudinger, Rachel  and
               Ferraro, Francis  and
               Harman, Craig  and
               Rawlins, Kyle  and
               Van Durme, Benjamin},
  journal   = {Transactions of the Association for Computational Linguistics},
  volume    = {3},
  year      = {2015},
  address   = {Cambridge, MA},
  publisher = {MIT Press},
  url       = {https://aclanthology.org/Q15-1034},
  doi       = {10.1162/tacl_a_00152},
  pages     = {475--488},
  abstract  = {We present the first large-scale, corpus based verification of Dowty{'}s seminal theory of proto-roles. Our results demonstrate both the need for and the feasibility of a property-based annotation scheme of semantic relationships, as opposed to the currently dominant notion of categorical roles.}
}

@inproceedings{entity_linking,
  author    = {Nikolaos Kolitsas and
               Octavian{-}Eugen Ganea and
               Thomas Hofmann},
  editor    = {Anna Korhonen and
               Ivan Titov},
  title     = {End-to-End Neural Entity Linking},
  booktitle = {Proceedings of the 22nd Conference on Computational Natural Language
               Learning, CoNLL 2018, Brussels, Belgium, October 31 - November 1,
               2018},
  pages     = {519--529},
  publisher = {Association for Computational Linguistics},
  year      = {2018},
  url       = {https://doi.org/10.18653/v1/k18-1050},
  doi       = {10.18653/v1/k18-1050},
  timestamp = {Fri, 06 Aug 2021 00:41:09 +0200},
  biburl    = {https://dblp.org/rec/conf/conll/KolitsasGH18.bib},
  bibsource = {dblp computer science bibliography, https://dblp.org}
}

@inproceedings{ma_fabian,
  author    = {Wallat, Jonas
               and Beringer, Fabian
               and Anand, Abhijit
               and Anand, Avishek},
  editor    = {Kamps, Jaap
               and Goeuriot, Lorraine
               and Crestani, Fabio
               and Maistro, Maria
               and Joho, Hideo
               and Davis, Brian
               and Gurrin, Cathal
               and Kruschwitz, Udo
               and Caputo, Annalina},
  title     = {Probing BERT for Ranking Abilities},
  booktitle = {Advances in Information Retrieval},
  year      = {2023},
  publisher = {Springer Nature Switzerland},
  address   = {Cham},
  pages     = {255--273},
  isbn      = {978-3-031-28238-6}
}

@inproceedings{anisotropy,
  author    = {Kawin Ethayarajh},
  editor    = {Kentaro Inui and
               Jing Jiang and
               Vincent Ng and
               Xiaojun Wan},
  title     = {How Contextual are Contextualized Word Representations? Comparing
               the Geometry of BERT, ELMo, and {GPT-2} Embeddings},
  booktitle = {Proceedings of the 2019 Conference on Empirical Methods in Natural
               Language Processing and the 9th International Joint Conference on
               Natural Language Processing, {EMNLP-IJCNLP} 2019, Hong Kong, China,
               November 3-7, 2019},
  pages     = {55--65},
  publisher = {Association for Computational Linguistics},
  year      = {2019},
  url       = {https://doi.org/10.18653/v1/D19-1006},
  doi       = {10.18653/v1/D19-1006},
  timestamp = {Thu, 07 Apr 2022 09:14:07 +0200},
  biburl    = {https://dblp.org/rec/conf/emnlp/Ethayarajh19.bib},
  bibsource = {dblp computer science bibliography, https://dblp.org}
}

@book{Bert_and_Beyond,
  author    = {Jimmy Lin and
               Rodrigo Frassetto Nogueira and
               Andrew Yates},
  title     = {Pretrained Transformers for Text Ranking: {BERT} and Beyond},
  series    = {Synthesis Lectures on Human Language Technologies},
  publisher = {Morgan {\&} Claypool Publishers},
  year      = {2021},
  url       = {https://doi.org/10.2200/S01123ED1V01Y202108HLT053},
  doi       = {10.2200/S01123ED1V01Y202108HLT053},
  timestamp = {Mon, 20 Mar 2023 15:35:36 +0100},
  biburl    = {https://dblp.org/rec/series/synthesis/2021LinNY.bib},
  bibsource = {dblp computer science bibliography, https://dblp.org}
}

@inproceedings{ChatBotTechnology,
  author    = {Eleni Adamopoulou and
               Lefteris Moussiades},
  editor    = {Ilias Maglogiannis and
               Lazaros Iliadis and
               Elias Pimenidis},
  title     = {An Overview of Chatbot Technology},
  booktitle = {Artificial Intelligence Applications and Innovations - 16th {IFIP}
               {WG} 12.5 International Conference, {AIAI} 2020, Neos Marmaras, Greece,
               June 5-7, 2020, Proceedings, Part {II}},
  series    = {{IFIP} Advances in Information and Communication Technology},
  volume    = {584},
  pages     = {373--383},
  publisher = {Springer},
  year      = {2020},
  url       = {https://doi.org/10.1007/978-3-030-49186-4\_31},
  doi       = {10.1007/978-3-030-49186-4_31},
  timestamp = {Wed, 05 Oct 2022 21:11:03 +0200},
  biburl    = {https://dblp.org/rec/conf/ifip12/AdamopoulouM20.bib},
  bibsource = {dblp computer science bibliography, https://dblp.org}
}

@inproceedings{attention2,
  author    = {Thang Luong and
               Hieu Pham and
               Christopher D. Manning},
  editor    = {Llu{\'{\i}}s M{\`{a}}rquez and
               Chris Callison{-}Burch and
               Jian Su and
               Daniele Pighin and
               Yuval Marton},
  title     = {Effective Approaches to Attention-based Neural Machine Translation},
  booktitle = {Proceedings of the 2015 Conference on Empirical Methods in Natural
               Language Processing, {EMNLP} 2015, Lisbon, Portugal, September 17-21,
               2015},
  pages     = {1412--1421},
  publisher = {The Association for Computational Linguistics},
  year      = {2015},
  url       = {https://doi.org/10.18653/v1/d15-1166},
  doi       = {10.18653/v1/d15-1166},
  timestamp = {Fri, 06 Aug 2021 00:40:22 +0200},
  biburl    = {https://dblp.org/rec/conf/emnlp/LuongPM15.bib},
  bibsource = {dblp computer science bibliography, https://dblp.org}
}

@inproceedings{Self_attention,
  author    = {Jianpeng Cheng and
               Li Dong and
               Mirella Lapata},
  editor    = {Jian Su and
               Xavier Carreras and
               Kevin Duh},
  title     = {Long Short-Term Memory-Networks for Machine Reading},
  booktitle = {Proceedings of the 2016 Conference on Empirical Methods in Natural
               Language Processing, {EMNLP} 2016, Austin, Texas, USA, November 1-4,
               2016},
  pages     = {551--561},
  publisher = {The Association for Computational Linguistics},
  year      = {2016},
  url       = {https://doi.org/10.18653/v1/d16-1053},
  doi       = {10.18653/v1/d16-1053},
  timestamp = {Fri, 06 Aug 2021 00:40:32 +0200},
  biburl    = {https://dblp.org/rec/conf/emnlp/0001DL16.bib},
  bibsource = {dblp computer science bibliography, https://dblp.org}
}

@inproceedings{residual,
  author    = {Kaiming He and
               Xiangyu Zhang and
               Shaoqing Ren and
               Jian Sun},
  title     = {Deep Residual Learning for Image Recognition},
  booktitle = {2016 {IEEE} Conference on Computer Vision and Pattern Recognition,
               {CVPR} 2016, Las Vegas, NV, USA, June 27-30, 2016},
  pages     = {770--778},
  publisher = {{IEEE} Computer Society},
  year      = {2016},
  url       = {https://doi.org/10.1109/CVPR.2016.90},
  doi       = {10.1109/CVPR.2016.90},
  timestamp = {Fri, 24 Mar 2023 00:02:57 +0100},
  biburl    = {https://dblp.org/rec/conf/cvpr/HeZRS16.bib},
  bibsource = {dblp computer science bibliography, https://dblp.org}
}

@inproceedings{residual2,
  author    = {Andreas Veit and
               Michael J. Wilber and
               Serge J. Belongie},
  editor    = {Daniel D. Lee and
               Masashi Sugiyama and
               Ulrike von Luxburg and
               Isabelle Guyon and
               Roman Garnett},
  title     = {Residual Networks Behave Like Ensembles of Relatively Shallow Networks},
  booktitle = {Advances in Neural Information Processing Systems 29: Annual Conference
               on Neural Information Processing Systems 2016, December 5-10, 2016,
               Barcelona, Spain},
  pages     = {550--558},
  year      = {2016},
  url       = {https://proceedings.neurips.cc/paper/2016/hash/37bc2f75bf1bcfe8450a1a41c200364c-Abstract.html},
  timestamp = {Mon, 16 May 2022 15:41:51 +0200},
  biburl    = {https://dblp.org/rec/conf/nips/VeitWB16.bib},
  bibsource = {dblp computer science bibliography, https://dblp.org}
}

@article{Layer_Norm,
  author     = {Lei Jimmy Ba and
                Jamie Ryan Kiros and
                Geoffrey E. Hinton},
  title      = {Layer Normalization},
  journal    = {CoRR},
  volume     = {abs/1607.06450},
  year       = {2016},
  url        = {http://arxiv.org/abs/1607.06450},
  eprinttype = {arXiv},
  eprint     = {1607.06450},
  timestamp  = {Tue, 23 Jul 2019 17:33:23 +0200},
  biburl     = {https://dblp.org/rec/journals/corr/BaKH16.bib},
  bibsource  = {dblp computer science bibliography, https://dblp.org}
}

@inproceedings{Deep_Contextualized_word_representations,
  author    = {Matthew E. Peters and
               Mark Neumann and
               Mohit Iyyer and
               Matt Gardner and
               Christopher Clark and
               Kenton Lee and
               Luke Zettlemoyer},
  editor    = {Marilyn A. Walker and
               Heng Ji and
               Amanda Stent},
  title     = {Deep Contextualized Word Representations},
  booktitle = {Proceedings of the 2018 Conference of the North American Chapter of
               the Association for Computational Linguistics: Human Language Technologies,
               {NAACL-HLT} 2018, New Orleans, Louisiana, USA, June 1-6, 2018, Volume
               1 (Long Papers)},
  pages     = {2227--2237},
  publisher = {Association for Computational Linguistics},
  year      = {2018},
  url       = {https://doi.org/10.18653/v1/n18-1202},
  doi       = {10.18653/v1/n18-1202},
  timestamp = {Fri, 06 Aug 2021 00:41:32 +0200},
  biburl    = {https://dblp.org/rec/conf/naacl/PetersNIGCLZ18.bib},
  bibsource = {dblp computer science bibliography, https://dblp.org}
}

@inproceedings{Cheng_axiomatic,
  author    = {Zitong Cheng and
               Hui Fang},
  editor    = {Krisztian Balog and
               Vinay Setty and
               Christina Lioma and
               Yiqun Liu and
               Min Zhang and
               Klaus Berberich},
  title     = {Utilizing Axiomatic Perturbations to Guide Neural Ranking Models},
  booktitle = {{ICTIR} '20: The 2020 {ACM} {SIGIR} International Conference on the
               Theory of Information Retrieval, Virtual Event, Norway, September
               14-17, 2020},
  pages     = {153--156},
  publisher = {{ACM}},
  year      = {2020},
  url       = {https://doi.org/10.1145/3409256.3409828},
  doi       = {10.1145/3409256.3409828},
  timestamp = {Wed, 15 Dec 2021 09:20:15 +0100},
  biburl    = {https://dblp.org/rec/conf/ictir/ChengF20.bib},
  bibsource = {dblp computer science bibliography, https://dblp.org}
}

@inproceedings{volske_axiomatic,
  author    = {Michael V{\"{o}}lske and
               Alexander Bondarenko and
               Maik Fr{\"{o}}be and
               Benno Stein and
               Jaspreet Singh and
               Matthias Hagen and
               Avishek Anand},
  editor    = {Faegheh Hasibi and
               Yi Fang and
               Akiko Aizawa},
  title     = {Towards Axiomatic Explanations for Neural Ranking Models},
  booktitle = {{ICTIR} '21: The 2021 {ACM} {SIGIR} International Conference on the
               Theory of Information Retrieval, Virtual Event, Canada, July 11, 2021},
  pages     = {13--22},
  publisher = {{ACM}},
  year      = {2021},
  url       = {https://doi.org/10.1145/3471158.3472256},
  doi       = {10.1145/3471158.3472256},
  timestamp = {Fri, 19 Aug 2022 10:20:57 +0200},
  biburl    = {https://dblp.org/rec/conf/ictir/VolskeBF0SHA21.bib},
  bibsource = {dblp computer science bibliography, https://dblp.org}
}

@article{IR_explainability_survey,
  author     = {Avishek Anand and
                Lijun Lyu and
                Maximilian Idahl and
                Yumeng Wang and
                Jonas Wallat and
                Zijian Zhang},
  title      = {Explainable Information Retrieval: {A} Survey},
  journal    = {CoRR},
  volume     = {abs/2211.02405},
  year       = {2022},
  url        = {https://doi.org/10.48550/arXiv.2211.02405},
  doi        = {10.48550/arXiv.2211.02405},
  eprinttype = {arXiv},
  eprint     = {2211.02405},
  timestamp  = {Wed, 09 Nov 2022 17:33:26 +0100},
  biburl     = {https://dblp.org/rec/journals/corr/abs-2211-02405.bib},
  bibsource  = {dblp computer science bibliography, https://dblp.org}
}

@article{bert_in_ranking,
  author     = {Yifan Qiao and
                Chenyan Xiong and
                Zhenghao Liu and
                Zhiyuan Liu},
  title      = {Understanding the Behaviors of {BERT} in Ranking},
  journal    = {CoRR},
  volume     = {abs/1904.07531},
  year       = {2019},
  url        = {http://arxiv.org/abs/1904.07531},
  eprinttype = {arXiv},
  eprint     = {1904.07531},
  timestamp  = {Thu, 04 Jun 2020 12:07:08 +0200},
  biburl     = {https://dblp.org/rec/journals/corr/abs-1904-07531.bib},
  bibsource  = {dblp computer science bibliography, https://dblp.org}
}

@inproceedings{lime_singh,
  author    = {Jaspreet Singh and
               Avishek Anand},
  editor    = {J. Shane Culpepper and
               Alistair Moffat and
               Paul N. Bennett and
               Kristina Lerman},
  title     = {{EXS:} Explainable Search Using Local Model Agnostic Interpretability},
  booktitle = {Proceedings of the Twelfth {ACM} International Conference on Web Search
               and Data Mining, {WSDM} 2019, Melbourne, VIC, Australia, February
               11-15, 2019},
  pages     = {770--773},
  publisher = {{ACM}},
  year      = {2019},
  url       = {https://doi.org/10.1145/3289600.3290620},
  doi       = {10.1145/3289600.3290620},
  timestamp = {Sat, 30 May 2020 20:02:29 +0200},
  biburl    = {https://dblp.org/rec/conf/wsdm/SinghA19.bib},
  bibsource = {dblp computer science bibliography, https://dblp.org}
}

@inproceedings{lirme,
  author    = {Manisha Verma and
               Debasis Ganguly},
  editor    = {Benjamin Piwowarski and
               Max Chevalier and
               {\'{E}}ric Gaussier and
               Yoelle Maarek and
               Jian{-}Yun Nie and
               Falk Scholer},
  title     = {{LIRME:} Locally Interpretable Ranking Model Explanation},
  booktitle = {Proceedings of the 42nd International {ACM} {SIGIR} Conference on
               Research and Development in Information Retrieval, {SIGIR} 2019, Paris,
               France, July 21-25, 2019},
  pages     = {1281--1284},
  publisher = {{ACM}},
  year      = {2019},
  url       = {https://doi.org/10.1145/3331184.3331377},
  doi       = {10.1145/3331184.3331377},
  timestamp = {Fri, 27 Mar 2020 08:57:22 +0100},
  biburl    = {https://dblp.org/rec/conf/sigir/VermaG19.bib},
  bibsource = {dblp computer science bibliography, https://dblp.org}
}

@inproceedings{mdl,
  title     = {Information-Theoretic Probing with Minimum Description Length},
  author    = {Voita, Elena  and
               Titov, Ivan},
  booktitle = {Proceedings of the 2020 Conference on Empirical Methods in Natural Language Processing (EMNLP)},
  month     = nov,
  year      = {2020},
  address   = {Online},
  publisher = {Association for Computational Linguistics},
  url       = {https://aclanthology.org/2020.emnlp-main.14},
  doi       = {10.18653/v1/2020.emnlp-main.14},
  pages     = {183--196}
}